<record><leader>00000cas a2200000 a 4500</leader><controlfield tag="001">309849695</controlfield><controlfield tag="008">090219cuuuu9999cauwr ne      0    0per  </controlfield><datafield ind1=" " ind2=" " tag="010"><subfield code="a">  2009212512</subfield></datafield><datafield ind1=" " ind2=" " tag="040"><subfield code="a">DLC</subfield><subfield code="b">eng</subfield><subfield code="c">DLC</subfield><subfield code="d">DLC</subfield><subfield code="d">OCLCQ</subfield><subfield code="d">OCLCF</subfield></datafield><datafield ind1=" " ind2=" " tag="066"><subfield code="c">(3</subfield></datafield><datafield ind1=" " ind2=" " tag="042"><subfield code="a">pcc</subfield></datafield><datafield ind1=" " ind2=" " tag="043"><subfield code="a">n-us-ca</subfield><subfield code="a">a-ir---</subfield></datafield><datafield ind1="0" ind2="0" tag="050"><subfield code="a">Newspaper</subfield></datafield><datafield ind1="0" ind2="0" tag="245"><subfield code="6">880-01</subfield><subfield code="a">Hada&#772;ya&#772; :</subfield><subfield code="b">haftah&#697;na&#772;mah = Hadaya.</subfield></datafield><datafield ind1="3" ind2=" " tag="246"><subfield code="6">880-02</subfield><subfield code="a">Haftah&#697;na&#772;mah-i hada&#772;ya&#772;</subfield></datafield><datafield ind1=" " ind2=" " tag="260"><subfield code="a">[California :</subfield><subfield code="b">s.n.]</subfield></datafield><datafield ind1=" " ind2=" " tag="300"><subfield code="a">v. :</subfield><subfield code="b">ill. ;</subfield><subfield code="c">44 cm.</subfield></datafield><datafield ind1=" " ind2=" " tag="310"><subfield code="a">Weekly</subfield></datafield><datafield ind1=" " ind2=" " tag="588"><subfield code="a">Description based on: No 3 (Aug 17, 2008).</subfield></datafield><datafield ind1=" " ind2=" " tag="588"><subfield code="a">Latest issue consulted: No 7 (Sep 27, 2008).</subfield></datafield><datafield ind1=" " ind2="0" tag="651"><subfield code="a">California</subfield><subfield code="v">Newspapers</subfield><subfield code="v">Periodicals.</subfield></datafield><datafield ind1=" " ind2="0" tag="650"><subfield code="a">Iranian Americans</subfield><subfield code="z">California</subfield><subfield code="v">Newspapers.</subfield></datafield><datafield ind1=" " ind2="7" tag="655"><subfield code="a">Newspapers.</subfield><subfield code="2">fast</subfield><subfield code="0">(OCoLC)fst01423814</subfield></datafield><datafield ind1=" " ind2="7" tag="655"><subfield code="a">Periodicals.</subfield><subfield code="2">fast</subfield><subfield code="0">(OCoLC)fst01411641</subfield></datafield><datafield ind1=" " ind2="7" tag="650"><subfield code="a">Iranian Americans.</subfield><subfield code="2">fast</subfield><subfield code="0">(OCoLC)fst00978794</subfield></datafield><datafield ind1=" " ind2="7" tag="651"><subfield code="a">California.</subfield><subfield code="2">fast</subfield><subfield code="0">(OCoLC)fst01204928</subfield></datafield><datafield ind1=" " ind2=" " tag="752"><subfield code="a">United States</subfield><subfield code="b">California.</subfield></datafield><datafield ind1=" " ind2=" " tag="850"><subfield code="a">DLC</subfield></datafield><datafield ind1="0" ind2="0" tag="880"><subfield code="6">245-01/(3/r</subfield><subfield code="a">&#1607;&#1583;&#1575;&#1609;&#1575; :</subfield><subfield code="b">&#1607;&#1601;&#1578;&#1607; &#1606;&#1575;&#1605;&#1607; = Hadaya.</subfield></datafield><datafield ind1="3" ind2=" " tag="880"><subfield code="6">246-02/(3/r</subfield><subfield code="a">&#1607;&#1601;&#1578;&#1607;&#8204; &#1606;&#1575;&#1605;&#1607; &#1607;&#1583;&#1575;&#1609;&#1575;</subfield></datafield></record>